<?xml version="1.0" encoding="UTF-8"?>
<record xmlns="http://www.loc.gov/MARC21/slim" xmlns:xsi="http://www.w3.org/2001/XMLSchema-instance" xsi:schemaLocation="http://www.loc.gov/MARC21/slim http://www.loc.gov/standards/marcxml/schema/MARC21slim.xsd">
<leader>     cam a2200265   4500</leader>
<controlfield tag="001">001682174</controlfield>
<controlfield tag="003">NNU</controlfield>
<controlfield tag="005">20001218235947.0</controlfield>
<controlfield tag="008">931013s1942    ua            000 0 ara d</controlfield>
<datafield tag="035" ind1="9" ind2=" ">
<subfield code="a">NYUb12225584</subfield>
</datafield>
<datafield tag="035" ind1=" " ind2=" ">
<subfield code="a">(CStRLIN)RIBG93-B26033</subfield>
</datafield>
<datafield tag="040" ind1=" " ind2=" ">
<subfield code="c">CU-SB</subfield>
<subfield code="d">RPB</subfield>
</datafield>
<datafield tag="100" ind1="0" ind2=" ">
<subfield code="a">Aḥmad ʻĪsá.</subfield>
</datafield>
<datafield tag="245" ind1="1" ind2="0">
<subfield code="a">Muʼjam al-ʼaṭibb⁻a,</subfield>
<subfield code="b">min sanat 650 A.H. ʼil⁻a yawmin⁻a h⁻adh⁻a (dhayl ʼUy⁻un al-ʼanb⁻aʼ f⁻i tabaq⁻at al -ʼatibb⁻a li Ibn ʼAb⁻i ʼUsaybiʼah) /</subfield>
<subfield code="c">taʼlīf Aḥmad ʼĪsá.</subfield>
</datafield>
<datafield tag="250" ind1=" " ind2=" ">
<subfield code="a">al-Tabʼah 1.</subfield>
</datafield>
<datafield tag="260" ind1=" " ind2=" ">
<subfield code="a">Miṣr,</subfield>
<subfield code="b">Matbaʼat Fatah-allāh ʼIly⁻as N⁻ur⁻i,</subfield>
<subfield code="c">1942.</subfield>
</datafield>
<datafield tag="300" ind1=" " ind2=" ">
<subfield code="a">527 p. ;</subfield>
<subfield code="c">23 cm.</subfield>
</datafield>
<datafield tag="490" ind1="1" ind2=" ">
<subfield code="a">al-Muʼallaf Jāmiʻat Fuʼ⁻ad al-Awwal, Kullīyat al-Tibb. ;</subfield>
<subfield code="v">raqm 18</subfield>
</datafield>
<datafield tag="500" ind1=" " ind2=" ">
<subfield code="a">Author's autograph presentation copy.</subfield>
</datafield>
<datafield tag="500" ind1=" " ind2=" ">
<subfield code="a">At head of title: J⁻amiʻah al-Miṣriyah.</subfield>
</datafield>
<datafield tag="650" ind1=" " ind2="0">
<subfield code="a">Physicians, Arab.</subfield>
</datafield>
<datafield tag="600" ind1="1" ind2="0">
<subfield code="a">Ibn Abī Uṣaybiʻah, Aḥmad ibn al-Qāsim,</subfield>
<subfield code="d">d. 1269 or 70.</subfield>
<subfield code="t">ʻUyūn al-anbāʼ fī ṭabaqāt al-aṭibbāʼ.</subfield>
</datafield>
<datafield tag="830" ind1=" " ind2="0">
<subfield code="a">Muʼ-allaf (Jāmiʻat Fuʼād al-Awwal. Kullīyat al-Tibb) ;</subfield>
<subfield code="v">raqm 18.</subfield>
</datafield>
<datafield tag="OWN" ind1=" " ind2=" ">
<subfield code="a">GENERAL</subfield>
</datafield>
<datafield tag="950" ind1=" " ind2=" ">
<subfield code="l">BMAIN</subfield>
<subfield code="a">R134</subfield>
<subfield code="b">.A45</subfield>
</datafield>
<datafield tag="955" ind1=" " ind2=" ">
<subfield code="l">BMAIN</subfield>
<subfield code="c">1</subfield>
<subfield code="r">029147702</subfield>
</datafield>
<datafield tag="998" ind1=" " ind2=" ">
<subfield code="s">9114</subfield>
</datafield>
<datafield tag="AVA" ind1=" " ind2=" ">
<subfield code="a">NYU50</subfield>
<subfield code="b">BOBST</subfield>
<subfield code="c">Main Collection</subfield>
<subfield code="d">R134 .A45</subfield>
<subfield code="e">unavailable</subfield>
<subfield code="t">Unavailable</subfield>
<subfield code="f">1</subfield>
<subfield code="g">1</subfield>
<subfield code="h">N</subfield>
<subfield code="i">1</subfield>
<subfield code="j">MAIN</subfield>
<subfield code="k">0</subfield>
</datafield>
</record>
